<record><leader>00000cas a2200000 a 4500</leader><controlfield tag="001">30408150</controlfield><controlfield tag="008">940509c19549999iluwr ne      0   a0eng c</controlfield><datafield ind1=" " ind2=" " tag="010"><subfield code="a">sn 94054259 </subfield></datafield><datafield ind1=" " ind2=" " tag="040"><subfield code="a">NVF</subfield><subfield code="b">eng</subfield><subfield code="c">NVF</subfield><subfield code="d">NSD</subfield><subfield code="d">CVF</subfield><subfield code="d">CUS</subfield><subfield code="d">NVF</subfield><subfield code="d">OCLCQ</subfield><subfield code="d">OCLCF</subfield><subfield code="d">NVF</subfield><subfield code="d">DLC</subfield><subfield code="d">OCLCA</subfield><subfield code="d">OCL</subfield></datafield><datafield ind1=" " ind2=" " tag="012"><subfield code="m">1</subfield></datafield><datafield ind1="1" ind2=" " tag="022"><subfield code="a">1087-5409</subfield><subfield code="l">1087-5409</subfield><subfield code="2">1</subfield></datafield><datafield ind1=" " ind2=" " tag="032"><subfield code="a">219980</subfield><subfield code="b">USPS</subfield></datafield><datafield ind1=" " ind2=" " tag="042"><subfield code="a">nsdp</subfield><subfield code="a">pcc</subfield></datafield><datafield ind1=" " ind2=" " tag="043"><subfield code="a">n-us-il</subfield></datafield><datafield ind1="0" ind2=" " tag="130"><subfield code="a">Glenview announcements (Glenview, Ill.)</subfield></datafield><datafield ind1=" " ind2="0" tag="222"><subfield code="a">Glenview announcements</subfield><subfield code="b">(Glenview, Ill.)</subfield></datafield><datafield ind1="1" ind2="0" tag="245"><subfield code="a">Glenview announcements.</subfield></datafield><datafield ind1=" " ind2=" " tag="260"><subfield code="a">Glenview, Ill. :</subfield><subfield code="b">Lloyd Hollister Inc.,</subfield><subfield code="c">1954-</subfield></datafield><datafield ind1="3" ind2=" " tag="260"><subfield code="3">&lt;1973-&gt; :</subfield><subfield code="a">Glenview, Ill. :</subfield><subfield code="b">Pioneer Press</subfield></datafield><datafield ind1=" " ind2=" " tag="300"><subfield code="a">v.</subfield></datafield><datafield ind1=" " ind2=" " tag="310"><subfield code="a">Weekly,</subfield><subfield code="b">Nov. 12, 1970-</subfield></datafield><datafield ind1=" " ind2=" " tag="321"><subfield code="a">Weekly,</subfield><subfield code="b">July 29, 1954-Apr. 18, 1968</subfield></datafield><datafield ind1=" " ind2=" " tag="321"><subfield code="a">Semiweekly,</subfield><subfield code="b">Apr. 22, 1968-Nov. 4, 1970</subfield></datafield><datafield ind1="0" ind2=" " tag="362"><subfield code="a">Vol. 14, no. 36 (July 29, 1954)-</subfield></datafield><datafield ind1=" " ind2=" " tag="588"><subfield code="a">Latest issue consulted: Dec. 27, 2001.</subfield></datafield><datafield ind1=" " ind2="0" tag="651"><subfield code="a">Glenview (Cook County, Ill.)</subfield><subfield code="v">Newspapers.</subfield></datafield><datafield ind1=" " ind2="7" tag="651"><subfield code="a">Illinois</subfield><subfield code="z">Glenview (Cook County)</subfield><subfield code="2">fast</subfield><subfield code="0">(OCoLC)fst01225354</subfield></datafield><datafield ind1=" " ind2="7" tag="655"><subfield code="a">Newspapers.</subfield><subfield code="2">fast</subfield><subfield code="0">(OCoLC)fst01423814</subfield></datafield><datafield ind1=" " ind2=" " tag="752"><subfield code="a">United States</subfield><subfield code="b">Illinois</subfield><subfield code="c">Cook</subfield><subfield code="d">Glenview.</subfield></datafield><datafield ind1="0" ind2="8" tag="776"><subfield code="i">Online version:</subfield><subfield code="t">Glenview announcements (Glenview, Ill. : Online)</subfield><subfield code="w">(DLC)sn 94054259</subfield><subfield code="w">(OCoLC)233142303</subfield></datafield><datafield ind1="0" ind2="0" tag="780"><subfield code="t">Announcements (Wilmette, Ill. : 1947)</subfield><subfield code="w">(DLC)sn 94054258</subfield><subfield code="w">(OCoLC)30408061</subfield></datafield><datafield ind1="0" ind2="5" tag="780"><subfield code="t">Glenview post &amp; view</subfield><subfield code="w">(DLC)sn 94054255</subfield><subfield code="w">(OCoLC)30408195</subfield></datafield><datafield ind1="1" ind2=" " tag="029"><subfield code="a">AU@</subfield><subfield code="b">000010972615</subfield></datafield></record>